@article{carter2004application,
  title={Application of stochastic processes to participant recruitment in clinical trials},
  author={Carter, Rickey Edward},
  journal={Controlled clinical trials},
  volume={25},
  number={5},
  pages={429--436},
  year={2004},
  publisher={Elsevier}
}


@book{ohagan2006,
  title={Uncertain judgements: eliciting experts' probabilities},
  author={O'Hagan, Anthony et al.},
  year={2006},
  publisher={John Wiley \& Sons}
}

@article{yang2023explainable,
  title={Explainable uncertainty quantifications for deep learning-based molecular property prediction},
  author={Yang, Chu-I and Li, Yi-Pei},
  journal={Journal of Cheminformatics},
  volume={15},
  number={1},
  pages={13},
  year={2023},
  publisher={Springer}
}